@INPROCEEDINGS{MOIMOIMOIMOI,
  author={SANCHEZ, Guillaume and GUIS, Vincente and MARXER, Ricard and BOUCHARA, Frederic},
  booktitle={2020 IEEE International Conference on Multimedia   Expo Workshops (ICMEW)}, 
  title={Deep Learning Classification with Noisy Labels}, 
  year={2020},
  volume={},
  number={},
  pages={1-6},
  doi={10.1109/ICMEW46912.2020.9105992}
}

@article{WebVision,
  title={WebVision Database: Visual Learning and Understanding from Web Data},
  author={Wen Li and Limin Wang and Wei Li and Eirikur Agustsson and Luc Van Gool},
  journal={ArXiv},
  year={2017},
  volume={abs/1708.02862}
}

@article{memorization,
  title={A Closer Look at Memorization in Deep Networks},
  author={Devansh Arpit and Stanisław Jastrzębski and Nicolas Ballas and David Krueger and Emmanuel Bengio and Maxinder S. Kanwal and Tegan Maharaj and Asja Fischer and Aaron C. Courville and Yoshua Bengio and Simon Lacoste-Julien},
  journal={ArXiv},
  year={2017},
  volume={abs/1706.05394}
}

@inproceedings{CoMining,
  title={Co-mining: Deep face recognition with noisy labels},
  author={Wang, Xiaobo and Wang, Shuo and Wang, Jun and Shi, Hailin and Mei, Tao},
  booktitle={Proceedings of the IEEE/CVF International Conference on Computer Vision},
  pages={9358--9367},
  year={2019}
}

@article{IterativeNoiseFiltering,
  title={Robust Learning Under Label Noise With Iterative Noise-Filtering},
  author={Duc Tam Nguyen and Thi-Phuong-Nhung Ngo and Zhongyu Lou and Michael Klar and Laura Beggel and Thomas Brox},
  journal={ArXiv},
  year={2019},
  volume={abs/1906.00216}
}

@article{MassiveNoisy,
  title={Learning from massive noisy labeled data for image classification},
  author={Tong Xiao and Tian Xia and Yi Yang and Chang Huang and Xiaogang Wang},
  journal={2015 IEEE Conference on Computer Vision and Pattern Recognition (CVPR)},
  year={2015},
  pages={2691-2699}
}

@article{NLNN,
  title={Training deep neural-networks based on unreliable labels},
  author={Alan Joseph Bekker and Jacob Goldberger},
  journal={2016 IEEE International Conference on Acoustics, Speech and Signal Processing (ICASSP)},
  year={2016},
  pages={2682-2686}
}

@inproceedings{Trusted,
  title={Using Trusted Data to Train Deep Networks on Labels Corrupted by Severe Noise},
  author={Dan Hendrycks and Mantas Mazeika and Duncan Wilson and Kevin Gimpel},
  booktitle={NeurIPS},
  year={2018}
}

@article{CurriculumNet,
  title={CurriculumNet: Weakly Supervised Learning from Large-Scale Web Images},
  author={Sheng Guo and Weilin Huang and Haozhi Zhang and Chenfan Zhuang and Dengke Dong and Matthew R. Scott and Dinglong Huang},
  journal={ArXiv},
  year={2018},
  volume={abs/1808.01097}
}

@article{IterativeLearning,
  title={Iterative Learning with Open-set Noisy Labels},
  author={Yisen Wang and Weiyang Liu and Xingjun Ma and James Bailey and Hongyuan Zha and Le Song and Shu-Tao Xia},
  journal={2018 IEEE/CVF Conference on Computer Vision and Pattern Recognition},
  year={2018},
  pages={8688-8696}
}

@article{Reweight,
  title={Learning to Reweight Examples for Robust Deep Learning},
  author={Mengye Ren and Wenyuan Zeng and Bin Yang and Raquel Urtasun},
  journal={ArXiv},
  year={2018},
  volume={abs/1803.09050}
}

@article{CleanNet,
  title={CleanNet: Transfer Learning for Scalable Image Classifier Training with Label Noise},
  author={Kuang-Huei Lee and Xiaodong He and Lei Zhang and Linjun Yang},
  journal={2018 IEEE/CVF Conference on Computer Vision and Pattern Recognition},
  year={2017},
  pages={5447-5456}
}

@article{NoiseSurvey,
  title={Classification in the Presence of Label Noise: A Survey},
  author={Beno{\^i}t Fr{\'e}nay and Michel Verleysen},
  journal={IEEE Transactions on Neural Networks and Learning Systems},
  year={2014},
  volume={25},
  pages={845-869}
}

@article{Bitempered,
  title={Robust Bi-Tempered Logistic Loss Based on Bregman Divergences},
  author={Ehsan Amid and Manfred K. Warmuth and Rohan Anil and Tomer Koren},
  journal={ArXiv},
  year={2019},
  volume={abs/1906.03361}
}

@article{NLNL,
  title={NLNL: Negative Learning for Noisy Labels},
  author={Youngdong Kim and Junho Yim and Juseung Yun and Junmo Kim},
  journal={ArXiv},
  year={2019},
  volume={abs/1908.07387}
}

@article{SelfLearning,
  title={Deep Self-Learning From Noisy Labels},
  author={Jiangfan Han and Ping Luo and Xiaogang Wang},
  journal={ArXiv},
  year={2019},
  volume={abs/1908.02160}
}

@inproceedings{LOF,
  title={LOF: Identifying Density-Based Local Outliers},
  author={Markus M. Breunig and Hans-Peter Kriegel and Raymond T. Ng and J{\"o}rg Sander},
  booktitle={SIGMOD Conference},
  year={2000}
}

@inproceedings{GeneralizedCE,
  title={Generalized Cross Entropy Loss for Training Deep Neural Networks with Noisy Labels},
  author={Zhilu Zhang and Mert R. Sabuncu},
  booktitle={NeurIPS},
  year={2018}
}


@article{UDA,
  title={Unsupervised Data Augmentation},
  author={Qizhe Xie and Zihang Dai and Eduard H. Hovy and Minh-Thang Luong and Quoc V. Le},
  journal={ArXiv},
  year={2019},
  volume={abs/1904.12848}
}

@article{MixMatch,
  title={MixMatch: A Holistic Approach to Semi-Supervised Learning},
  author={David Berthelot and Nicholas Carlini and Ian G Goodfellow and Nicolas Papernot and Avital Oliver and Colin Raffel},
  journal={ArXiv},
  year={2019},
  volume={abs/1905.02249}
}