@article{vggface2,
  title={VGGFace2: A Dataset for Recognising Faces across Pose and Age},
  author={Q. Cao and Li Shen and Weidi Xie and Omkar M. Parkhi and Andrew Zisserman},
  journal={2018 13th IEEE International Conference on Automatic Face \& Gesture Recognition (FG 2018)},
  year={2018},
  pages={67-74}
}

@inproceedings{celeb1m,
  title={MS-Celeb-1M: A Dataset and Benchmark for Large-Scale Face Recognition},
  author={Yandong Guo and Lei Zhang and Yuxiao Hu and X. He and Jianfeng Gao},
  booktitle={ECCV},
  year={2016}
}

@inproceedings{imdbface,
  title={The Devil of Face Recognition is in the Noise},
  author={Fei Wang and L. Chen and Cheng Li and Shiyao Huang and Yanjie Chen and Chen Qian and Chen Change Loy},
  booktitle={ECCV},
  year={2018}
}

@article{ijb-c,
  title={IARPA Janus Benchmark - C: Face Dataset and Protocol},
  author={Brianna Maze and J. Adams and J. A. Duncan and Nathan D. Kalka and T. Miller and Charles Otto and Anil K. Jain and W. T. Niggel and J. Anderson and J. Cheney and P. Grother},
  journal={2018 International Conference on Biometrics (ICB)},
  year={2018},
  pages={158-165}
}

@article{ijb-b,
  title={IARPA Janus Benchmark-B Face Dataset},
  author={Cameron Whitelam and Emma Taborsky and Austin Blanton and Brianna Maze and J. Adams and T. Miller and Nathan D. Kalka and Anil K. Jain and J. A. Duncan and K. Allen and J. Cheney and P. Grother},
  journal={2017 IEEE Conference on Computer Vision and Pattern Recognition Workshops (CVPRW)},
  year={2017},
  pages={592-600}
}

@article{ijb-a,
  title={Pushing the frontiers of unconstrained face detection and recognition: IARPA Janus Benchmark A},
  author={B. Klare and B. Klein and Emma Taborsky and Austin Blanton and J. Cheney and K. Allen and P. Grother and Alan Mah and M. Burge and Anil K. Jain},
  journal={2015 IEEE Conference on Computer Vision and Pattern Recognition (CVPR)},
  year={2015},
  pages={1931-1939}
}


@inproceedings{triplet,
  title={Deep Metric Learning Using Triplet Network},
  author={E. Hoffer and Nir Ailon},
  booktitle={SIMBAD},
  year={2015}
}

@article{triplet-face,
  title={In Defense of the Triplet Loss for Person Re-Identification},
  author={A. Hermans and Lucas Beyer and B. Leibe},
  journal={ArXiv},
  year={2017},
  volume={abs/1703.07737}
}

@inproceedings{tripletloss,
    title={Learning local feature descriptors with triplets and shallow convolutional neural networks},
    author={Vassileios Balntas, Edgar Riba, Daniel Ponsa and Krystian  Mikolajczyk},
    year={2016},
    month={September},
    pages={119.1-119.11},
    articleno={119},
    numpages={11},
    booktitle={Proceedings of the British Machine Vision Conference (BMVC)},
    publisher={BMVA Press},
    editor={Richard C. Wilson, Edwin R. Hancock and William A. P. Smith},
    doi={10.5244/C.30.119},
    isbn={1-901725-59-6},
    url={https://dx.doi.org/10.5244/C.30.119}
}

@article{sphereface,
  title={SphereFace: Deep Hypersphere Embedding for Face Recognition},
  author={Weiyang Liu and Y. Wen and Zhiding Yu and Ming Li and B. Raj and Le Song},
  journal={2017 IEEE Conference on Computer Vision and Pattern Recognition (CVPR)},
  year={2017},
  pages={6738-6746}
}

@article{cosface,
  title={CosFace: Large Margin Cosine Loss for Deep Face Recognition},
  author={H. Wang and Yitong Wang and Z. Zhou and Xing Ji and Zhifeng Li and Dihong Gong and Jingchao Zhou and Wenyu Liu},
  journal={2018 IEEE/CVF Conference on Computer Vision and Pattern Recognition},
  year={2018},
  pages={5265-5274}
}

@article{arcface,
  title={ArcFace: Additive Angular Margin Loss for Deep Face Recognition},
  author={Jiankang Deng and J. Guo and S. Zafeiriou},
  journal={2019 IEEE/CVF Conference on Computer Vision and Pattern Recognition (CVPR)},
  year={2019},
  pages={4685-4694}
}

@article{adacos,
  title={AdaCos: Adaptively Scaling Cosine Logits for Effectively Learning Deep Face Representations},
  author={X. Zhang and R. Zhao and Y. Qiao and Xiaogang Wang and Hongsheng Li},
  journal={2019 IEEE/CVF Conference on Computer Vision and Pattern Recognition (CVPR)},
  year={2019},
  pages={10815-10824}
}

@article{survey,
   title={Deep face recognition: A survey},
   volume={429},
   ISSN={0925-2312},
   url={http://dx.doi.org/10.1016/j.neucom.2020.10.081},
   DOI={10.1016/j.neucom.2020.10.081},
   journal={Neurocomputing},
   publisher={Elsevier BV},
   author={Wang, Mei and Deng, Weihong},
   year={2021},
   month={Mar},
   pages={215â€“244}
}

@inproceedings{megaface,
  title={The megaface benchmark: 1 million faces for recognition at scale},
  author={Kemelmacher-Shlizerman, Ira and Seitz, Steven M and Miller, Daniel and Brossard, Evan},
  booktitle={Proceedings of the IEEE conference on computer vision and pattern recognition},
  pages={4873--4882},
  year={2016}
}

@article{l2softmax,
  title={L2-constrained Softmax Loss for Discriminative Face Verification},
  author={Rajeev Ranjan and Carlos D. Castillo and R. Chellappa},
  journal={ArXiv},
  year={2017},
  volume={abs/1703.09507}
}

@TechReport{lfw,
  author =       {Gary B. Huang and Manu Ramesh and Tamara Berg and 
                  Erik Learned-Miller},
  title =        {Labeled Faces in the Wild: A Database for Studying 
                  Face Recognition in Unconstrained Environments},
  institution =  {University of Massachusetts, Amherst},
  year =         2007,
  number =       {07-49},
  month =        {October}}
  
  @article{softmaxood,
  author    = {Dan Hendrycks and Kevin Gimpel},
  title     = {A Baseline for Detecting Misclassified and Out-of-Distribution Examples in Neural Networks},
  journal = {Proceedings of International Conference on Learning Representations},
  year = {2017},
}

@inproceedings{celeba,
  title = {Deep Learning Face Attributes in the Wild},
  author = {Liu, Ziwei and Luo, Ping and Wang, Xiaogang and Tang, Xiaoou},
  booktitle = {Proceedings of International Conference on Computer Vision (ICCV)},
  month = {December},
  year = {2015} 
}

@article{fglfw,
   title={Fine-grained face verification: FGLFW database, baselines, and human-DCMN partnership},
   author={Deng, Weihong and Hu, Jiani and Zhang, Nanhai and Chen, Binghui and Guo, Jun},
   journal={Pattern Recognition},
   volume={66},
   pages={63--73},
   year={2017},
}

@article{goodosr,
  title={Open-Set Recognition: A Good Closed-Set Classifier is All You Need},
  author={Vaze, Sagar and Han, Kai and Vedaldi, Andrea and Zisserman, Andrew},
  journal={arXiv preprint arXiv:2110.06207},
  year={2021}
}

@inproceedings{calibration,
  title={On calibration of modern neural networks},
  author={Guo, Chuan and Pleiss, Geoff and Sun, Yu and Weinberger, Kilian Q},
  booktitle={International Conference on Machine Learning},
  pages={1321--1330},
  year={2017},
  organization={PMLR}
}

@article{amsoftmax,
  title={Additive margin softmax for face verification},
  author={Wang, Feng and Cheng, Jian and Liu, Weiyang and Liu, Haijun},
  journal={IEEE Signal Processing Letters},
  volume={25},
  number={7},
  pages={926--930},
  year={2018},
  publisher={IEEE}
}

@inproceedings{deepface,
  title={Deepface: Closing the gap to human-level performance in face verification},
  author={Taigman, Yaniv and Yang, Ming and Ranzato, Marc'Aurelio and Wolf, Lior},
  booktitle={Proceedings of the IEEE conference on computer vision and pattern recognition},
  pages={1701--1708},
  year={2014}
}