@inproceedings{pixelcnn,
  title={PixelCNN Models with Auxiliary Variables for Natural Image Modeling},
  author={Alexander Kolesnikov and Christoph H. Lampert},
  booktitle={ICML},
  year={2017}
}

@article{vqvae,
  title={A Vector Quantized Variational Autoencoder (VQ-VAE) Autoregressive Neural \$F\_0\$ Model for Statistical Parametric Speech Synthesis},
  author={X. Wang and Shinji Takaki and J. Yamagishi and S. King and K. Tokuda},
  journal={IEEE/ACM Transactions on Audio, Speech, and Language Processing},
  year={2020},
  volume={28},
  pages={157-170}
}

@inproceedings{vqgan,
  title={Taming transformers for high-resolution image synthesis},
  author={Esser, Patrick and Rombach, Robin and Ommer, Bjorn},
  booktitle={Proceedings of the IEEE/CVF Conference on Computer Vision and Pattern Recognition},
  pages={12873--12883},
  year={2021}
}

@article{vae,
  title={Auto-Encoding Variational Bayes},
  author={Diederik P. Kingma and M. Welling},
  journal={CoRR},
  year={2014},
  volume={abs/1312.6114}
}

@inproceedings{wgangp,
  title={Improved Training of Wasserstein GANs},
  author={Ishaan Gulrajani and Faruk Ahmed and Mart{\'i}n Arjovsky and Vincent Dumoulin and Aaron C. Courville},
  booktitle={NIPS},
  year={2017}
}

@inproceedings{R1,
  title={Which Training Methods for GANs do actually Converge?},
  author={Lars M. Mescheder and Andreas Geiger and S. Nowozin},
  booktitle={ICML},
  year={2018}
}

@inproceedings{0-GP,
  title={Improving Generalization and Stability of Generative Adversarial Networks},
  author={Hoang Thanh-Tung and Truyen Tran and Svetha Venkatesh},
  booktitle={International Conference on Learning Representations},
  year={2019},
  url={https://openreview.net/forum?id=ByxPYjC5KQ},
}

@inproceedings{SNGAN,
  title={Spectral Normalization for Generative Adversarial Networks},
  author={Takeru Miyato and Toshiki Kataoka and Masanori Koyama and Yuichi Yoshida},
  booktitle={International Conference on Learning Representations},
  year={2018},
  url={https://openreview.net/forum?id=B1QRgziT-},
}

@inproceedings{biggan,
  title={Large Scale {GAN} Training for High Fidelity Natural Image Synthesis},
  author={Andrew Brock and Jeff Donahue and Karen Simonyan},
  booktitle={International Conference on Learning Representations},
  year={2019},
  url={https://openreview.net/forum?id=B1xsqj09Fm},
}

@article{spectralcollapse,
   title={Spectral Regularization for Combating Mode Collapse in GANs},
   ISBN={9781728148038},
   url={http://dx.doi.org/10.1109/ICCV.2019.00648},
   DOI={10.1109/iccv.2019.00648},
   journal={2019 IEEE/CVF International Conference on Computer Vision (ICCV)},
   publisher={IEEE},
   author={Liu, Kanglin and Qiu, Guoping and Tang, Wenming and Zhou, Fei},
   year={2019},
   month={Oct}
}

@article{dcgan,
  title={Unsupervised Representation Learning with Deep Convolutional Generative Adversarial Networks},
  author={Alec Radford and Luke Metz and Soumith Chintala},
  journal={CoRR},
  year={2016},
  volume={abs/1511.06434}
}

@inproceedings{progan,
  title={Progressive Growing of GANs for Improved Quality, Stability, and Variation},
  author={Karras, Tero and Aila, Timo and Laine, Samuli and Lehtinen, Jaakko},
  booktitle={International Conference on Learning Representations},
  year={2018}
}

@inproceedings{spade,
  title={Semantic Image Synthesis with Spatially-Adaptive Normalization},
  author={Park, Taesung and Ming-Yu Liu and Ting-Chun Wang and Jun-Yan Zhu},
  booktitle={Proceedings of the IEEE Conference on Computer Vision and Pattern Recognition},
  year={2019}
}

@article{stylegan,
   title={A Style-Based Generator Architecture for Generative Adversarial Networks},
   ISBN={9781728132938},
   url={http://dx.doi.org/10.1109/CVPR.2019.00453},
   DOI={10.1109/cvpr.2019.00453},
   journal={2019 IEEE/CVF Conference on Computer Vision and Pattern Recognition (CVPR)},
   publisher={IEEE},
   author={Karras, Tero and Laine, Samuli and Aila, Timo},
   year={2019},
   month={Jun}
}

@article{stylegan2,
   title={Analyzing and Improving the Image Quality of StyleGAN},
   ISBN={9781728171685},
   url={http://dx.doi.org/10.1109/cvpr42600.2020.00813},
   DOI={10.1109/cvpr42600.2020.00813},
   journal={2020 IEEE/CVF Conference on Computer Vision and Pattern Recognition (CVPR)},
   publisher={IEEE},
   author={Karras, Tero and Laine, Samuli and Aittala, Miika and Hellsten, Janne and Lehtinen, Jaakko and Aila, Timo},
   year={2020},
   month={Jun}
}

@article{faststyletransfer,
   title={Exploring the structure of a real-time, arbitrary neural artistic stylization network},
   ISBN={190172560X},
   url={http://dx.doi.org/10.5244/C.31.114},
   DOI={10.5244/c.31.114},
   journal={Procedings of the British Machine Vision Conference 2017},
   publisher={British Machine Vision Association},
   author={Ghiasi, Golnaz and Lee, Honglak and Kudlur, Manjunath and Dumoulin, Vincent and Shlens, Jonathon},
   year={2017}
}

@inproceedings{wgan,
  title={Wasserstein generative adversarial networks},
  author={Arjovsky, Martin and Chintala, Soumith and Bottou, L{\'e}on},
  booktitle={International conference on machine learning},
  pages={214--223},
  year={2017},
  organization={PMLR}
}

@article{gan,
  title={Generative adversarial nets},
  author={Goodfellow, Ian and Pouget-Abadie, Jean and Mirza, Mehdi and Xu, Bing and Warde-Farley, David and Ozair, Sherjil and Courville, Aaron and Bengio, Yoshua},
  journal={Advances in neural information processing systems},
  volume={27},
  year={2014}
}

@inproceedings{aregansequal,
  title={Are GANs Created Equal? A Large-Scale Study},
  author={Mario Lucic and Karol Kurach and Marcin Michalski and S. Gelly and O. Bousquet},
  booktitle={NeurIPS},
  year={2018}
}

@article{lipschitzgan,
   title={How Does Lipschitz Regularization Influence GAN Training?},
   ISBN={9783030585174},
   ISSN={1611-3349},
   url={http://dx.doi.org/10.1007/978-3-030-58517-4_19},
   DOI={10.1007/978-3-030-58517-4_19},
   journal={Lecture Notes in Computer Science},
   publisher={Springer International Publishing},
   author={Qin, Yipeng and Mitra, Niloy and Wonka, Peter},
   year={2020},
   pages={310â€“326}
}

@inproceedings{pixelrnn,
  title={Pixel recurrent neural networks},
  author={Van Oord, Aaron and Kalchbrenner, Nal and Kavukcuoglu, Koray},
  booktitle={International Conference on Machine Learning},
  pages={1747--1756},
  year={2016},
  organization={PMLR}
}

@inproceedings{pixelcnn++,
  title={PixelCNN++: A PixelCNN Implementation with Discretized Logistic Mixture Likelihood and Other Modifications},
  author={Tim Salimans and Andrej Karpathy and Xi Chen and Diederik P. Kingma},
  booktitle={ICLR},
  year={2017}
}

@inproceedings{pixelsnail,
  title={Pixelsnail: An improved autoregressive generative model},
  author={Chen, Xi and Mishra, Nikhil and Rohaninejad, Mostafa and Abbeel, Pieter},
  booktitle={International Conference on Machine Learning},
  pages={864--872},
  year={2018},
  organization={PMLR}
}

@book{kantorovich,
  title={Optimal transport: old and new},
  author={Villani, C{\'e}dric},
  volume={338},
  year={2009},
  publisher={Springer}
}

@article{informationbottleneck,
  title={Deep Variational Information Bottleneck},
  author={Alexander Amir Alemi and Ian S. Fischer and Joshua V. Dillon and K. Murphy},
  journal={ArXiv},
  year={2017},
  volume={abs/1612.00410}
}

@article{cgan,
  title={Conditional generative adversarial nets},
  author={Mirza, Mehdi and Osindero, Simon},
  journal={arXiv preprint arXiv:1411.1784},
  year={2014}
}

@article{pix2pix,
  title={Image-to-Image Translation with Conditional Adversarial Networks},
  author={Isola, Phillip and Zhu, Jun-Yan and Zhou, Tinghui and Efros, Alexei A},
  journal={CVPR},
  year={2017}
}

@inproceedings{pix2pixhd,
  title={High-Resolution Image Synthesis and Semantic Manipulation with Conditional GANs},
  author={Ting-Chun Wang and Ming-Yu Liu and Jun-Yan Zhu and Andrew Tao and Jan Kautz and Bryan Catanzaro},  
  booktitle={Proceedings of the IEEE Conference on Computer Vision and Pattern Recognition},
  year={2018}
}

@article{bigan,
  Author = {Donahue, Jeff and Kr\"ahenb\"uhl, Philipp and Darrell, Trevor},
  Journal = {arXiv preprint arXiv:1605.09782},
  Title = {Adversarial Feature Learning},
  Year = {2016}
}

@article{cvae,
  title={Learning structured output representation using deep conditional generative models},
  author={Sohn, Kihyuk and Lee, Honglak and Yan, Xinchen},
  journal={Advances in neural information processing systems},
  volume={28},
  pages={3483--3491},
  year={2015}
}

@inproceedings{infogan,
  title={Infogan: Interpretable representation learning by information maximizing generative adversarial nets},
  author={Chen, Xi and Duan, Yan and Houthooft, Rein and Schulman, John and Sutskever, Ilya and Abbeel, Pieter},
  booktitle={Proceedings of the 30th International Conference on Neural Information Processing Systems},
  pages={2180--2188},
  year={2016}
}

@inproceedings{cyclegan,
  title={Unpaired Image-to-Image Translation using Cycle-Consistent Adversarial Networks},
  author={Zhu, Jun-Yan and Park, Taesung and Isola, Phillip and Efros, Alexei A},
  booktitle={Computer Vision (ICCV), 2017 IEEE International Conference on},
  year={2017}
}

@inproceedings{cut,
  title={Contrastive Learning for Unpaired Image-to-Image Translation},
  author={Taesung Park and Alexei A. Efros and Richard Zhang and Jun-Yan Zhu},
  booktitle={European Conference on Computer Vision},
  year={2020}
}

@inproceedings{kid,
  title={Demystifying MMD GANs},
  author={Bi{\'n}kowski, Miko{\l}aj and Sutherland, Danica J and Arbel, Michael and Gretton, Arthur},
  booktitle={International Conference on Learning Representations},
  year={2018}
}

@inproceedings{robustvq,
  title={Robust Training of Vector Quantized Bottleneck Models},
  author={{\L}a{\'n}cucki, Adrian and Chorowski, Jan and Sanchez, Guillaume and Marxer, Ricard and Chen, Nanxin and Dolfing, Hans JGA and Khurana, Sameer and Alum{\"a}e, Tanel and Laurent, Antoine},
  booktitle={2020 International Joint Conference on Neural Networks (IJCNN)},
  pages={1--7},
  year={2020},
  organization={IEEE}
}

@inproceedings{continuousvq,
  title={Continuous relaxation training of discrete latent variable image models},
  author={S{\o}nderby, Casper Kaae and Poole, Ben and Mnih, Andriy},
  booktitle={Bayesian Deep Learning workshop, NIPS},
  volume={201},
  year={2017}
}

@article{softvq,
  title={Towards a better understanding of vector quantized autoencoders},
  author={Roy, Aurko and Vaswani, Ashish and Parmar, Niki and Neelakantan, Arvind},
  year={2018},
  journal={ArXiv}
}

@article{fid,
  title={Gans trained by a two time-scale update rule converge to a local nash equilibrium},
  author={Heusel, Martin and Ramsauer, Hubert and Unterthiner, Thomas and Nessler, Bernhard and Hochreiter, Sepp},
  journal={Advances in neural information processing systems},
  volume={30},
  year={2017}
}

@inproceedings{inceptionscore,
  author = "L. Theis and A. van den Oord and M. Bethge",
  title = "A note on the evaluation of generative models",
  year = 2016,
  booktitle = "International Conference on Learning Representations",
  month = "Apr",
  keywords = "generative modeling",
  url = "http://arxiv.org/abs/1511.01844"
}

@article{precisionrecall,
  author    = {Tuomas KynkÃ¤Ã¤nniemi and Tero Karras
               and Samuli Laine and Jaakko Lehtinen
               and Timo Aila},
  title     = {Improved Precision and Recall Metric for Assessing Generative Models},
  journal   = {CoRR},
  volume    = {abs/1904.06991},
  year      = {2019},
}

@article{frechet,
  title={The Fr{\'e}chet distance between multivariate normal distributions},
  author={Dowson, DC and Landau, BV},
  journal={Journal of multivariate analysis},
  volume={12},
  number={3},
  pages={450--455},
  year={1982},
  publisher={Elsevier}
}

@misc{dagan,
  title={Data Augmentation Generative Adversarial Networks},
  author={Anthreas Antoniou and Amos Storkey and Harrison Edwards},
  year={2018},
  url={https://openreview.net/forum?id=S1Auv-WRZ},
}

@article{bigbigan,
  title={Large Scale Adversarial Representation Learning},
  author={Donahue, Jeff and Simonyan, Karen},
  journal={Advances in Neural Information Processing Systems},
  volume={32},
  pages={10542--10552},
  year={2019}
}

@inproceedings{interpretingz,
  title     = {Interpreting the Latent Space of GANs for Semantic Face Editing},
  author    = {Shen, Yujun and Gu, Jinjin and Tang, Xiaoou and Zhou, Bolei},
  booktitle = {CVPR},
  year      = {2020}
}

@inproceedings{ganspace,
  title={GANSpace: Discovering Interpretable GAN controls},
  author={H{\"a}rk{\"o}nen, Erik and Hertzman, Aaron and Lehtinen, Jaakko and Paris, Sylvain},
  booktitle={IEEE Conference on Neural Information Processing Systems;},
  year={2020}
}

@article{inverting,
  title={Inverting the generator of a generative adversarial network},
  author={Creswell, Antonia and Bharath, Anil Anthony},
  journal={IEEE transactions on neural networks and learning systems},
  volume={30},
  number={7},
  pages={1967--1974},
  year={2018},
  publisher={IEEE}
}

@article{collaborativeembedding,
  title={Collaborative learning for faster stylegan embedding},
  author={Guan, Shanyan and Tai, Ying and Ni, Bingbing and Zhu, Feida and Huang, Feiyue and Yang, Xiaokang},
  journal={arXiv preprint arXiv:2007.01758},
  year={2020}
}

@inproceedings{neuralphotoeditor,
  title={Neural Photo Editing With Introspective Adversarial Networks},
  author={Brock, Andrew and Lim, Theodore and Ritchie, James Millar and Weston, Nicholas J},
  booktitle={5th International Conference on Learning Representations 2017},
  year={2017}
}

@article{interfacegan,
  title={Interfacegan: Interpreting the disentangled face representation learned by gans},
  author={Shen, Yujun and Yang, Ceyuan and Tang, Xiaoou and Zhou, Bolei},
  journal={IEEE transactions on pattern analysis and machine intelligence},
  year={2020},
  publisher={IEEE}
}

@article{pivotaltuning,
  title={Pivotal Tuning for Latent-based Editing of Real Images},
  author={Roich, Daniel and Mokady, Ron and Bermano, Amit H and Cohen-Or, Daniel},
  journal={arXiv preprint arXiv:2106.05744},
  year={2021}
}