@article{dlinrec,
  title={A Troubling Analysis of Reproducibility and Progress in Recommender Systems Research},
  author={Maurizio Ferrari Dacrema and Simone Boglio and P. Cremonesi and D. Jannach},
  journal={ACM Transactions on Information Systems (TOIS)},
  year={2021},
  volume={39},
  pages={1 - 49}
}

@inproceedings{dlinrecseq,
  title={Performance comparison of neural and non-neural approaches to session-based recommendation},
  author={Ludewig, Malte and Mauro, Noemi and Latifi, Sara and Jannach, Dietmar},
  booktitle={Proceedings of the 13th ACM conference on recommender systems},
  pages={462--466},
  year={2019}
}

@misc{tfidf,
  added-at = {2011-08-09T16:33:51.000+0200},
  author = {Ramos, Juan},
  biburl = {https://www.bibsonomy.org/bibtex/2e757decbf13ecf55dee0b5eae56f9ccd/reynares.e},
  interhash = {59140639220e47ed6a9636c3ee35ac1a},
  intrahash = {e757decbf13ecf55dee0b5eae56f9ccd},
  keywords = {ontology_learning},
  timestamp = {2013-05-16T22:34:47.000+0200},
  title = {Using TF-IDF to Determine Word Relevance in Document Queries},
  year = 1999
}

@inproceedings{filterbubble,
  title={Exploring the filter bubble: the effect of using recommender systems on content diversity},
  author={Nguyen, Tien T and Hui, Pik-Mai and Harper, F Maxwell and Terveen, Loren and Konstan, Joseph A},
  booktitle={Proceedings of the 23rd international conference on World wide web},
  pages={677--686},
  year={2014}
}

@book{filterbubblebook,
author = {Pariser, Eli},
title = {The Filter Bubble: What the Internet Is Hiding from You},
year = {2011},
isbn = {1594203008},
publisher = {Penguin Group , The}
}

@inproceedings{youtuberec,
  title={Deep neural networks for youtube recommendations},
  author={Covington, Paul and Adams, Jay and Sargin, Emre},
  booktitle={Proceedings of the 10th ACM conference on recommender systems},
  pages={191--198},
  year={2016}
}

@inproceedings{popularitybias,
author = {Abdollahpouri, Himan and Mansoury, Masoud and Burke, Robin and Mobasher, Bamshad and Malthouse, Edward},
title = {User-Centered Evaluation of Popularity Bias in Recommender Systems},
year = {2021},
isbn = {9781450383660},
publisher = {Association for Computing Machinery},
address = {New York, NY, USA},
url = {https://doi.org/10.1145/3450613.3456821},
doi = {10.1145/3450613.3456821},
booktitle = {Proceedings of the 29th ACM Conference on User Modeling, Adaptation and Personalization},
pages = {119–129},
numpages = {11},
keywords = {popularity bias, long-tail recommendation, calibration, fairness, recommender systems},
location = {Utrecht, Netherlands},
series = {UMAP '21}
}

@inproceedings{algorithmicbias,
  title={The effect of algorithmic bias on recommender systems for massive open online courses},
  author={Boratto, Ludovico and Fenu, Gianni and Marras, Mirko},
  booktitle={European Conference on Information Retrieval},
  pages={457--472},
  year={2019},
  organization={Springer}
}

@misc{funkmf,
  title={Netflix update: Try this at home},
  author={Funk, Simon},
  year={2006}
}

@article{mflatents,
author = {Koren, Yehuda and Bell, Robert and Volinsky, Chris},
title = {Matrix Factorization Techniques for Recommender Systems},
year = {2009},
issue_date = {August 2009},
publisher = {IEEE Computer Society Press},
address = {Washington, DC, USA},
volume = {42},
number = {8},
issn = {0018-9162},
url = {https://doi.org/10.1109/MC.2009.263},
doi = {10.1109/MC.2009.263},
journal = {Computer},
month = aug,
pages = {30–37},
numpages = {8},
keywords = {Computational intelligence, Matrix factorization, Netflix Prize}
}

@inproceedings{slim,
  title={Slim: Sparse linear methods for top-n recommender systems},
  author={Ning, Xia and Karypis, George},
  booktitle={2011 IEEE 11th International Conference on Data Mining},
  pages={497--506},
  year={2011},
  organization={IEEE}
}

@inproceedings{easer,
  title={Embarrassingly shallow autoencoders for sparse data},
  author={Steck, Harald},
  booktitle={The World Wide Web Conference},
  pages={3251--3257},
  year={2019}
}

@inproceedings{recpurpose,
  title={Recommendations with a purpose},
  author={Jannach, Dietmar and Adomavicius, Gediminas},
  booktitle={Proceedings of the 10th ACM conference on recommender systems},
  pages={7--10},
  year={2016}
}

@book{longtail,
  title={Music recommendation and discovery in the long tail},
  author={Celma Herrada, {\`O}scar and others},
  year={2009},
  publisher={Universitat Pompeu Fabra}
}