@inproceedings{jsaltvq,
  title={Unsupervised neural segmentation and clustering for unit discovery in sequential data},
  author={Chorowski, Jan and Chen, Nanxin and Marxer, Ricard and Dolfing, Hans and {\L}a{\'n}cucki, Adrian and Sanchez, Guillaume and Alum{\"a}e, Tanel and Laurent, Antoine},
  booktitle={NeurIPS 2019 workshop-Perception as generative reasoning-Structure, Causality, Probability},
  year={2019}
}

@article{disciplinedhyperparameters,
  title={A disciplined approach to neural network hyper-parameters: Part 1--learning rate, batch size, momentum, and weight decay},
  author={Smith, Leslie N},
  journal={arXiv preprint arXiv:1803.09820},
  year={2018}
}

@inproceedings{1cycle,
  title={Cyclical learning rates for training neural networks},
  author={Smith, Leslie N},
  booktitle={2017 IEEE winter conference on applications of computer vision (WACV)},
  pages={464--472},
  year={2017},
  organization={IEEE}
}

@inproceedings{htd,
  title={Stochastic Gradient Descent with Hyperbolic-Tangent Decay on Classification},
  author={Hsueh, Bo-Yang and Li, Wei and Wu, I-Chen},
  booktitle={2019 IEEE Winter Conference on Applications of Computer Vision (WACV)},
  pages={435--442},
  year={2019},
  organization={IEEE}
}

@misc{deepdream,
  url={https://ai.googleblog.com/2015/06/inceptionism-going-deeper-into-neural.html},
  title={Inceptionism: Going Deeper into Neural Networks},
  author={Mordvintsev, Alexander and Olah, Christopher and Tyka, Mike},
  year={2015}
}

@misc{deepdreamtuto,
  url={https://www.tensorflow.org/tutorials/generative/deepdream},
  title={DeepDream},
  author={Mordvintsev, Alexander and Olah, Christopher and Tyka, Mike},
  year={2015}
}

@inproceedings{addsign,
  title={Neural optimizer search with reinforcement learning},
  author={Bello, Irwan and Zoph, Barret and Vasudevan, Vijay and Le, Quoc V},
  booktitle={International Conference on Machine Learning},
  pages={459--468},
  year={2017},
  organization={PMLR}
}

@article{adabelief,
  title={AdaBelief Optimizer: Adapting Stepsizes by the Belief in Observed Gradients},
  author={Zhuang, Juntang and Tang, Tommy and Ding, Yifan and Tatikonda, Sekhar C and Dvornek, Nicha and Papademetris, Xenophon and Duncan, James},
  journal={Advances in Neural Information Processing Systems},
  volume={33},
  year={2020}
}

@inproceedings{styletransfer,
  title={Image style transfer using convolutional neural networks},
  author={Gatys, Leon A and Ecker, Alexander S and Bethge, Matthias},
  booktitle={Proceedings of the IEEE conference on computer vision and pattern recognition},
  pages={2414--2423},
  year={2016}
}

@inproceedings{focalloss,
  title={Focal loss for dense object detection},
  author={Lin, Tsung-Yi and Goyal, Priya and Girshick, Ross and He, Kaiming and Doll{\'a}r, Piotr},
  booktitle={Proceedings of the IEEE international conference on computer vision},
  pages={2980--2988},
  year={2017}
}

@article{perceptualloss,
  title={Generating images with perceptual similarity metrics based on deep networks},
  author={Dosovitskiy, Alexey and Brox, Thomas},
  journal={Advances in neural information processing systems},
  volume={29},
  pages={658--666},
  year={2016}
}

@inproceedings{inceptionv2,
  title={Rethinking the inception architecture for computer vision},
  author={Szegedy, Christian and Vanhoucke, Vincent and Ioffe, Sergey and Shlens, Jon and Wojna, Zbigniew},
  booktitle={Proceedings of the IEEE conference on computer vision and pattern recognition},
  pages={2818--2826},
  year={2016}
}

@inproceedings{attention,
  title={Residual attention network for image classification},
  author={Wang, Fei and Jiang, Mengqing and Qian, Chen and Yang, Shuo and Li, Cheng and Zhang, Honggang and Wang, Xiaogang and Tang, Xiaoou},
  booktitle={Proceedings of the IEEE conference on computer vision and pattern recognition},
  pages={3156--3164},
  year={2017}
}

@inproceedings{deepimageprior,
  title={Deep image prior},
  author={Ulyanov, Dmitry and Vedaldi, Andrea and Lempitsky, Victor},
  booktitle={Proceedings of the IEEE conference on computer vision and pattern recognition},
  pages={9446--9454},
  year={2018}
}

@article{featureviz,
  author = {Olah, Chris and Mordvintsev, Alexander and Schubert, Ludwig},
  title = {Feature Visualization},
  journal = {Distill},
  year = {2017},
  note = {https://distill.pub/2017/feature-visualization},
  doi = {10.23915/distill.00007}
}

@article{poolformer,
  title={Metaformer is actually what you need for vision},
  author={Yu, Weihao and Luo, Mi and Zhou, Pan and Si, Chenyang and Zhou, Yichen and Wang, Xinchao and Feng, Jiashi and Yan, Shuicheng},
  journal={arXiv preprint arXiv:2111.11418},
  year={2021}
}

@inproceedings{rezero,
  title={Rezero is all you need: Fast convergence at large depth},
  author={Bachlechner, Thomas and Majumder, Bodhisattwa Prasad and Mao, Henry and Cottrell, Gary and McAuley, Julian},
  booktitle={Uncertainty in Artificial Intelligence},
  pages={1352--1361},
  year={2021},
  organization={PMLR}
}

@article{resnetrs,
  title={Revisiting resnets: Improved training and scaling strategies},
  author={Bello, Irwan and Fedus, William and Du, Xianzhi and Cubuk, Ekin D and Srinivas, Aravind and Lin, Tsung-Yi and Shlens, Jonathon and Zoph, Barret},
  journal={arXiv preprint arXiv:2103.07579},
  year={2021}
}

@article{resnetsb,
  title={Revisiting resnets: Improved training and scaling strategies},
  author={Bello, Irwan and Fedus, William and Du, Xianzhi and Cubuk, Ekin D and Srinivas, Aravind and Lin, Tsung-Yi and Shlens, Jonathon and Zoph, Barret},
  journal={arXiv preprint arXiv:2103.07579},
  year={2021}
}

@article{polyak,
  title={Acceleration of stochastic approximation by averaging},
  author={Polyak, Boris T and Juditsky, Anatoli B},
  journal={SIAM journal on control and optimization},
  volume={30},
  number={4},
  pages={838--855},
  year={1992},
  publisher={SIAM}
}

@inproceedings{stylegan2ada,
  title     = {Training Generative Adversarial Networks with Limited Data},
  author    = {Tero Karras and Miika Aittala and Janne Hellsten and Samuli Laine and Jaakko Lehtinen and Timo Aila},
  booktitle = {Proc. NeurIPS},
  year      = {2020}
}

@inproceedings{lamb,
title={Large Batch Optimization for Deep Learning: Training BERT in 76 minutes},
author={Yang You and Jing Li and Sashank Reddi and Jonathan Hseu and Sanjiv Kumar and Srinadh Bhojanapalli and Xiaodan Song and James Demmel and Kurt Keutzer and Cho-Jui Hsieh},
booktitle={International Conference on Learning Representations},
year={2020},
url={https://openreview.net/forum?id=Syx4wnEtvH}
}

@article{convnext,
  title={A ConvNet for the 2020s},
  author={Liu, Zhuang and Mao, Hanzi and Wu, Chao-Yuan and Feichtenhofer, Christoph and Darrell, Trevor and Xie, Saining},
  journal={arXiv preprint arXiv:2201.03545},
  year={2022}
}

@Article{albumentations,
    AUTHOR = {Buslaev, Alexander and Iglovikov, Vladimir I. and Khvedchenya, Eugene and Parinov, Alex and Druzhinin, Mikhail and Kalinin, Alexandr A.},
    TITLE = {Albumentations: Fast and Flexible Image Augmentations},
    JOURNAL = {Information},
    VOLUME = {11},
    YEAR = {2020},
    NUMBER = {2},
    ARTICLE-NUMBER = {125},
    URL = {https://www.mdpi.com/2078-2489/11/2/125},
    ISSN = {2078-2489},
    DOI = {10.3390/info11020125}
}

@misc{mypy,
    year = {2014},
    publisher={The Mypy Project},
    howpublished={\url{http://mypy-lang.org/}}
}

@misc{timm,
  author = {Ross Wightman},
  title = {PyTorch Image Models},
  year = {2019},
  publisher = {GitHub},
  journal = {GitHub repository},
  doi = {10.5281/zenodo.4414861},
  howpublished = {\url{https://github.com/rwightman/pytorch-image-models}}
}

@misc{fastai,
  author = {Jeremy Howard},
  title = {Fastai},
  year = {2019},
  publisher = {GitHub},
  journal = {GitHub repository},
  howpublished = {\url{https://github.com/fastai/fastai}}
}

@misc{ignite,
  author = {V. Fomin and J. Anmol and S. Desroziers and J. Kriss and A. Tejani},
  title = {High-level library to help with training neural networks in PyTorch},
  year = {2020},
  publisher = {GitHub},
  journal = {GitHub repository},
  howpublished = {\url{https://github.com/pytorch/ignite}},
}
