@misc{imagenette,
    author    = "Jeremy Howard",
    title     = "Imagenette",
    year      = {2019},
    url       = "https://github.com/fastai/imagenette/"
}

@inproceedings{mixup,
title={mixup: Beyond Empirical Risk Minimization},
author={Hongyi Zhang and Moustapha Cisse and Yann N. Dauphin and David Lopez-Paz},
booktitle={International Conference on Learning Representations},
year={2018},
url={https://openreview.net/forum?id=r1Ddp1-Rb},
}

@inproceedings{cutmix,
  title={Cutmix: Regularization strategy to train strong classifiers with localizable features},
  author={Yun, Sangdoo and Han, Dongyoon and Oh, Seong Joon and Chun, Sanghyuk and Choe, Junsuk and Yoo, Youngjoon},
  booktitle={Proceedings of the IEEE/CVF International Conference on Computer Vision},
  pages={6023--6032},
  year={2019}
}

@inproceedings{radam,
 author = {Liu, Liyuan and Jiang, Haoming and He, Pengcheng and Chen, Weizhu and Liu, Xiaodong and Gao, Jianfeng and Han, Jiawei},
 booktitle = {Proceedings of the Eighth International Conference on Learning Representations (ICLR 2020)},
 month = {April},
 title = {On the Variance of the Adaptive Learning Rate and Beyond},
 year = {2020}
}

@inbook{lookahead,
author = {Zhang, Michael R. and Lucas, James and Hinton, Geoffrey and Ba, Jimmy},
title = {Lookahead Optimizer: <i>K</i> Steps Forward, 1 Step Back},
year = {2019},
publisher = {Curran Associates Inc.},
address = {Red Hook, NY, USA},
booktitle = {Proceedings of the 33rd International Conference on Neural Information Processing Systems},
articleno = {861},
numpages = {12}
}

@misc{ranger,
  author = {Wright, Less},
  title = {Ranger - a synergistic optimizer.},
  year = {2019},
  publisher = {GitHub},
  journal = {GitHub repository},
  howpublished = {\url{https://github.com/lessw2020/Ranger-Deep-Learning-Optimizer}}
}

@inproceedings{word2vec,
  title={Distributed representations of words and phrases and their compositionality},
  author={Mikolov, Tomas and Sutskever, Ilya and Chen, Kai and Corrado, Greg S and Dean, Jeff},
  booktitle={Advances in neural information processing systems},
  pages={3111--3119},
  year={2013}
}

@article{umap,
     author = {{McInnes}, L. and {Healy}, J. and {Melville}, J.},
     title = "{UMAP: Uniform Manifold Approximation
     and Projection for Dimension Reduction}",
     journal = {ArXiv e-prints},
     archivePrefix = "arXiv",
     eprint = {1802.03426},
     primaryClass = "stat.ML",
     keywords = {Statistics - Machine Learning,
                 Computer Science - Computational Geometry,
                 Computer Science - Learning},
     year = 2018,
     month = feb,
}

@inproceedings{imagenetoverfit,
title={Pervasive Label Errors in Test Sets Destabilize Machine Learning Benchmarks},
author={Curtis G Northcutt and Anish Athalye and Jonas Mueller},
booktitle={Thirty-fifth Conference on Neural Information Processing Systems Datasets and Benchmarks Track (Round 1)},
year={2021},
url={https://openreview.net/forum?id=XccDXrDNLek}
}

@inproceedings{imagenet,
  title={Imagenet: A large-scale hierarchical image database},
  author={Deng, Jia and Dong, Wei and Socher, Richard and Li, Li-Jia and Li, Kai and Fei-Fei, Li},
  booktitle={2009 IEEE conference on computer vision and pattern recognition},
  pages={248--255},
  year={2009},
  organization={Ieee}
}

@article{perceptron,
  added-at = {2008-02-26T11:58:58.000+0100},
  author = {"Rosenblatt, Frank"},
  biburl = {https://www.bibsonomy.org/bibtex/2908ea0dfb433d1cc61b78364ddf87ec6/schaul},
  citeulike-article-id = {2378850},
  comment = {Reprinted in \npcite{anderson:neurocomputing}},
  description = {idsia},
  interhash = {dc0cef9dc06033a04f525efdcde7a660},
  intrahash = {908ea0dfb433d1cc61b78364ddf87ec6},
  journal = {Psychological Review},
  keywords = {nn},
  pages = {386--408},
  priority = {2},
  timestamp = {2008-02-26T12:02:47.000+0100},
  title = {The Perceptron: {A} Probabilistic Model for Information Storage and Organization in the Brain},
  volume = {65},
  year = {1958}
}

@article{universalapproximationtheorem,
  title={Multilayer feedforward networks are universal approximators},
  author={Hornik, Kurt and Stinchcombe, Maxwell and White, Halbert},
  journal={Neural networks},
  volume={2},
  number={5},
  pages={359--366},
  year={1989},
  publisher={Elsevier}
}

@inproceedings{randaugment,
  title={Randaugment: Practical automated data augmentation with a reduced search space},
  author={Cubuk, Ekin D and Zoph, Barret and Shlens, Jonathon and Le, Quoc V},
  booktitle={Proceedings of the IEEE/CVF Conference on Computer Vision and Pattern Recognition Workshops},
  pages={702--703},
  year={2020}
}

@inproceedings{imagenetgeneralizeimagenet,
  title={Do imagenet classifiers generalize to imagenet?},
  author={Recht, Benjamin and Roelofs, Rebecca and Schmidt, Ludwig and Shankar, Vaishaal},
  booktitle={International Conference on Machine Learning},
  pages={5389--5400},
  year={2019},
  organization={PMLR}
}

@article{alexnet,
  title={Imagenet classification with deep convolutional neural networks},
  author={Krizhevsky, Alex and Sutskever, Ilya and Hinton, Geoffrey E},
  journal={Advances in neural information processing systems},
  volume={25},
  pages={1097--1105},
  year={2012}
}

@INPROCEEDINGS{resnet,
  author={He, Kaiming and Zhang, Xiangyu and Ren, Shaoqing and Sun, Jian},
  booktitle={2016 IEEE Conference on Computer Vision and Pattern Recognition (CVPR)}, 
  title={Deep Residual Learning for Image Recognition}, 
  year={2016},
  volume={},
  number={},
  pages={770-778},
  doi={10.1109/CVPR.2016.90}}
  
  
@article{universalapprox,
  title={Multilayer feedforward networks are universal approximators},
  author={Hornik, Kurt and Stinchcombe, Maxwell and White, Halbert},
  journal={Neural networks},
  volume={2},
  number={5},
  pages={359--366},
  year={1989},
  publisher={Elsevier}
}


@inproceedings{deepbelief,
  title={Convolutional deep belief networks for scalable unsupervised learning of hierarchical representations},
  author={Lee, Honglak and Grosse, Roger and Ranganath, Rajesh and Ng, Andrew Y},
  booktitle={Proceedings of the 26th annual international conference on machine learning},
  pages={609--616},
  year={2009}
}

@inproceedings{relu,
  title={Rectified linear units improve restricted boltzmann machines},
  author={Nair, Vinod and Hinton, Geoffrey E},
  booktitle={Icml},
  year={2010}
}

@inproceedings{googlenet,
  title={Going deeper with convolutions},
  author={Szegedy, Christian and Liu, Wei and Jia, Yangqing and Sermanet, Pierre and Reed, Scott and Anguelov, Dragomir and Erhan, Dumitru and Vanhoucke, Vincent and Rabinovich, Andrew},
  booktitle={Proceedings of the IEEE conference on computer vision and pattern recognition},
  pages={1--9},
  year={2015}
}

@inproceedings{vgg,
  author    = {Karen Simonyan and
               Andrew Zisserman},
  editor    = {Yoshua Bengio and
               Yann LeCun},
  title     = {Very Deep Convolutional Networks for Large-Scale Image Recognition},
  booktitle = {3rd International Conference on Learning Representations, {ICLR} 2015,
               San Diego, CA, USA, May 7-9, 2015, Conference Track Proceedings},
  year      = {2015},
  url       = {http://arxiv.org/abs/1409.1556},
  timestamp = {Wed, 17 Jul 2019 10:40:54 +0200},
  biburl    = {https://dblp.org/rec/journals/corr/SimonyanZ14a.bib},
  bibsource = {dblp computer science bibliography, https://dblp.org}
}

@inproceedings{deepviz,
  Author = {Jason Yosinski and Jeff Clune and Anh Nguyen and Thomas Fuchs and Hod Lipson},
  Booktitle = {Deep Learning Workshop, International Conference on Machine Learning (ICML)},
  Title = {Understanding Neural Networks Through Deep Visualization},
  Year = {2015}
}

@inproceedings{autoaugment,
  title={Autoaugment: Learning augmentation strategies from data},
  author={Cubuk, Ekin D and Zoph, Barret and Mane, Dandelion and Vasudevan, Vijay and Le, Quoc V},
  booktitle={Proceedings of the IEEE/CVF Conference on Computer Vision and Pattern Recognition},
  pages={113--123},
  year={2019}
}

@article{mnist,
  title={MNIST handwritten digit database},
  author={LeCun, Yann and Cortes, Corinna and Burges, CJ},
  journal={ATT Labs [Online]. Available: http://yann.lecun.com/exdb/mnist},
  volume={2},
  year={2010}
}

@TECHREPORT{cifar10,
    author = {Alex Krizhevsky},
    title = {Learning multiple layers of features from tiny images},
    institution = {CIFAR},
    year = {2009},
    url={https://www.cs.toronto.edu/~kriz/cifar.html}
}

@article{ILSVRC15,
Author = {Olga Russakovsky and Jia Deng and Hao Su and Jonathan Krause and Sanjeev Satheesh and Sean Ma and Zhiheng Huang and Andrej Karpathy and Aditya Khosla and Michael Bernstein and Alexander C. Berg and Li Fei-Fei},
Title = {{ImageNet Large Scale Visual Recognition Challenge}},
Year = {2015},
journal   = {International Journal of Computer Vision (IJCV)},
doi = {10.1007/s11263-015-0816-y},
volume={115},
number={3},
pages={211-252},
url={https://image-net.org/}
}

@inproceedings{imagenettransfer,
  title={Do better imagenet models transfer better?},
  author={Kornblith, Simon and Shlens, Jonathon and Le, Quoc V},
  booktitle={Proceedings of the IEEE/CVF Conference on Computer Vision and Pattern Recognition},
  pages={2661--2671},
  year={2019}
}

@article{crossentropytransfer,
  title={What's in a Loss Function for Image Classification?},
  author={Kornblith, Simon and Lee, Honglak and Chen, Ting and Norouzi, Mohammad},
  journal={arXiv preprint arXiv:2010.16402},
  year={2020}
}


@article{openaiclip,
  title={Learning transferable visual models from natural language supervision},
  author={Radford, Alec and Kim, Jong Wook and Hallacy, Chris and Ramesh, Aditya and Goh, Gabriel and Agarwal, Sandhini and Sastry, Girish and Askell, Amanda and Mishkin, Pamela and Clark, Jack and others},
  journal={arXiv preprint arXiv:2103.00020},
  year={2021}
}

@INPROCEEDINGS{lenet,
    author = {Yann Lecun and LÃ©on Bottou and Yoshua Bengio and Patrick Haffner},
    title = {Gradient-based learning applied to document recognition},
    booktitle = {Proceedings of the IEEE},
    year = {1998},
    pages = {2278--2324}
}

@article{mlpmixer,
  publtype={informal},
  author={Ilya O. Tolstikhin and Neil Houlsby and Alexander Kolesnikov and Lucas Beyer and Xiaohua Zhai and Thomas Unterthiner and Jessica Yung and Daniel Keysers and Jakob Uszkoreit and Mario Lucic and Alexey Dosovitskiy},
  title={MLP-Mixer: An all-MLP Architecture for Vision},
  year={2021},
  cdate={1609459200000},
  journal={CoRR},
  volume={abs/2105.01601},
  url={https://arxiv.org/abs/2105.01601}
}

@inproceedings{transformers,
  title={Attention is all you need},
  author={Vaswani, Ashish and Shazeer, Noam and Parmar, Niki and Uszkoreit, Jakob and Jones, Llion and Gomez, Aidan N and Kaiser, {\L}ukasz and Polosukhin, Illia},
  booktitle={Advances in neural information processing systems},
  pages={5998--6008},
  year={2017}
}

@inproceedings{vit,
  title={An Image is Worth 16x16 Words: Transformers for Image Recognition at Scale},
  author={Dosovitskiy, Alexey and Beyer, Lucas and Kolesnikov, Alexander and Weissenborn, Dirk and Zhai, Xiaohua and Unterthiner, Thomas and Dehghani, Mostafa and Minderer, Matthias and Heigold, Georg and Gelly, Sylvain and others},
  booktitle={International Conference on Learning Representations},
  year={2020}
}

@article{convit,
  publtype={informal},
  author={StÃ©phane d'Ascoli and Hugo Touvron and Matthew L. Leavitt and Ari S. Morcos and Giulio Biroli and Levent Sagun},
  title={ConViT: Improving Vision Transformers with Soft Convolutional Inductive Biases},
  year={2021},
  cdate={1609459200000},
  journal={CoRR},
  volume={abs/2103.10697},
  url={https://arxiv.org/abs/2103.10697}
}

@article{coatnet,
  title={CoAtNet: Marrying Convolution and Attention for All Data Sizes},
  author={Dai, Zihang and Liu, Hanxiao and Le, Quoc V and Tan, Mingxing},
  journal={arXiv preprint arXiv:2106.04803},
  year={2021}
}

@misc{trivialaugment,
      title={TrivialAugment: Tuning-free Yet State-of-the-Art Data Augmentation}, 
      author={Samuel G. MÃ¼ller and Frank Hutter},
      year={2021},
      eprint={2103.10158},
      archivePrefix={arXiv},
      primaryClass={cs.CV}
}

@inproceedings{youtube8m,
title	= {YouTube-8M: A Large-Scale Video Classification Benchmark},
author	= {Sami Abu-El-Haija and Nisarg Kothari and Joonseok Lee and Apostol (Paul) Natsev and George Toderici and Balakrishnan Varadarajan and Sudheendra Vijayanarasimhan},
year	= {2016},
URL	= {https://arxiv.org/pdf/1609.08675v1.pdf},
booktitle	= {arXiv:1609.08675}
}

@article{movielens,
    author = {Harper, F. Maxwell and Konstan, Joseph A.},
    title = {The MovieLens Datasets: History and Context},
    year = {2015},
    issue_date = {January 2016},
    publisher = {Association for Computing Machinery},
    address = {New York, NY, USA},
    volume = {5},
    number = {4},
    issn = {2160-6455},
    url = {https://doi.org/10.1145/2827872},
    doi = {10.1145/2827872},
    journal = {ACM Trans. Interact. Intell. Syst.},
    month = dec,
    articleno = {19},
    numpages = {19},
    keywords = {MovieLens, recommendations, Datasets, ratings}
}

@inproceedings{netflix,
    added-at = {2011-05-26T12:27:17.000+0200},
    address = {New York},
    author = {Bennett, J. and Lanning, S.},
    biburl = {https://www.bibsonomy.org/bibtex/257ef9d0119acf19856b408297e5a2e5f/jaeschke},
    booktitle = {Proceedings of the KDD Cup Workshop 2007},
    interhash = {d03b540a69c3f6f282c6f302957c5f7f},
    intrahash = {57ef9d0119acf19856b408297e5a2e5f},
    keywords = {challenge netflix},
    month = aug,
    pages = {3--6},
    publisher = {ACM},
    timestamp = {2014-07-28T15:57:31.000+0200},
    title = {The Netflix Prize},
    url = {http://www.cs.uic.edu/~liub/KDD-cup-2007/NetflixPrize-description.pdf},
    year = 2007
}

@article{contentretrieval,
    author = {Lew, Michael S. and Sebe, Nicu and Djeraba, Chabane and Jain, Ramesh},
    title = {Content-Based Multimedia Information Retrieval: State of the Art and Challenges},
    year = {2006},
    issue_date = {February 2006},
    publisher = {Association for Computing Machinery},
    address = {New York, NY, USA},
    volume = {2},
    number = {1},
    issn = {1551-6857},
    url = {https://doi.org/10.1145/1126004.1126005},
    doi = {10.1145/1126004.1126005},
    journal = {ACM Trans. Multimedia Comput. Commun. Appl.},
    month = feb,
    pages = {1â19},
    numpages = {19},
    keywords = {multimedia indexing, audio retrieval, Multimedia information retrieval, image search, image databases, video retrieval, human-computer interaction}
}

@article{mlpbounds,
  title={Universal approximation bounds for superpositions of a sigmoidal function},
  author={Barron, Andrew R},
  journal={IEEE Transactions on Information theory},
  volume={39},
  number={3},
  pages={930--945},
  year={1993},
  publisher={IEEE}
}

@article{widthdepth,
  title={On the number of linear regions of deep neural networks},
  author={Mont{\'u}far, Guido and Pascanu, Razvan and Cho, Kyunghyun and Bengio, Yoshua},
  journal={arXiv preprint arXiv:1402.1869},
  year={2014}
}

@inproceedings{lineardecay,
  title={Budgeted Training: Rethinking Deep Neural Network Training Under Resource Constraints},
  author={Li, Mengtian and Yumer, Ersin and Ramanan, Deva},
  booktitle={International Conference on Learning Representations},
  year={2019}
}

@Book{bishop,
  author = 	 "Christopher M. Bishop",
  title = 	 "Pattern Recognition and Machine Learning",
  publisher = 	 "Springer",
  year = 	 "2006",
}

@inproceedings{wrn,
  title={Wide Residual Networks},
  author={Zagoruyko, Sergey and Komodakis, Nikos},
  booktitle={British Machine Vision Conference 2016},
  year={2016},
  organization={British Machine Vision Association}
}

@inproceedings{resnettricks,
  title={Bag of tricks for image classification with convolutional neural networks},
  author={He, Tong and Zhang, Zhi and Zhang, Hang and Zhang, Zhongyue and Xie, Junyuan and Li, Mu},
  booktitle={Proceedings of the IEEE/CVF Conference on Computer Vision and Pattern Recognition},
  pages={558--567},
  year={2019}
}

@inproceedings{squeezeexcitation,
  title={Squeeze-and-excitation networks},
  author={Hu, Jie and Shen, Li and Sun, Gang},
  booktitle={Proceedings of the IEEE conference on computer vision and pattern recognition},
  pages={7132--7141},
  year={2018}
}

@inproceedings{preact,
  title={Identity mappings in deep residual networks},
  author={He, Kaiming and Zhang, Xiangyu and Ren, Shaoqing and Sun, Jian},
  booktitle={European conference on computer vision},
  pages={630--645},
  year={2016},
  organization={Springer}
}

@inproceedings{resnext,
  title={Aggregated residual transformations for deep neural networks},
  author={Xie, Saining and Girshick, Ross and Doll{\'a}r, Piotr and Tu, Zhuowen and He, Kaiming},
  booktitle={Proceedings of the IEEE conference on computer vision and pattern recognition},
  pages={1492--1500},
  year={2017}
}

@misc{timm,
  author = {Ross Wightman},
  title = {PyTorch Image Models},
  year = {2019},
  publisher = {GitHub},
  journal = {GitHub repository},
  doi = {10.5281/zenodo.4414861},
  howpublished = {\url{https://github.com/rwightman/pytorch-image-models}}
}

@misc{fastai,
  author = {Jeremy Howard},
  title = {Fastai},
  year = {2019},
  publisher = {GitHub},
  journal = {GitHub repository},
  howpublished = {\url{https://github.com/fastai/fastai}}
}

@misc{ignite,
  author = {V. Fomin and J. Anmol and S. Desroziers and J. Kriss and A. Tejani},
  title = {High-level library to help with training neural networks in PyTorch},
  year = {2020},
  publisher = {GitHub},
  journal = {GitHub repository},
  howpublished = {\url{https://github.com/pytorch/ignite}},
}

@inproceedings{autogan,
  title={Autogan: Neural architecture search for generative adversarial networks},
  author={Gong, Xinyu and Chang, Shiyu and Jiang, Yifan and Wang, Zhangyang},
  booktitle={Proceedings of the IEEE/CVF International Conference on Computer Vision},
  pages={3224--3234},
  year={2019}
}

@inproceedings{efficientnet,
  title={Efficientnet: Rethinking model scaling for convolutional neural networks},
  author={Tan, Mingxing and Le, Quoc},
  booktitle={International Conference on Machine Learning},
  pages={6105--6114},
  year={2019},
  organization={PMLR}
}

@inproceedings{msggan,
  title={Msg-gan: Multi-scale gradients for generative adversarial networks},
  author={Karnewar, Animesh and Wang, Oliver},
  booktitle={Proceedings of the IEEE/CVF Conference on Computer Vision and Pattern Recognition},
  pages={7799--7808},
  year={2020}
}